@misc{MDNwebdocsa,
    title = {{- HTML: HyperText Markup Language | MDN}},
    author = {{MDN web docs}},
    url = {https://developer.mozilla.org/de/docs/Web/HTML/Element/a}
}

@misc{Nolte2018,
    title = {{6 Micro-Frontend-Arten im Direkt-Vergleich: Das sind die Vor- {\&} Nachteile}},
    year = {2018},
    author = {Nolte, Karsten},
    url = {https://blogs.itemis.com/de/6-micro-frontend-arten-im-direkt-vergleich}
}

@misc{MDNwebdocs,
    title = {{<link> - HTML: HyperText Markup Language | MDN}},
    author = {{MDN web docs}},
    url = {https://developer.mozilla.org/de/docs/Web/HTML/Element/link}
}

@article{Bisu2018,
    title = {{A Framework for End-to-End Latency Measurements in a Satellite Network Environment}},
    year = {2018},
    journal = {IEEE International Conference on Communications},
    author = {Bisu, Anas A. and Purvis, Alan and Brigham, Katharine and Sun, Hongjian},
    volume = {2018-May},
    publisher = {IEEE},
    isbn = {9781538631805},
    doi = {10.1109/ICC.2018.8422913},
    issn = {15503607},
    keywords = {Heterogeneous Network, Latency, QoS, Satellite Communications}
}

@article{Lethaby2018,
    title = {{A more secure and reliable OTA update architecture for IoT devices}},
    year = {2018},
    author = {Lethaby, Nick}
}

@misc{Platformio,
    title = {{A professional collaborative platform for embedded development {\textperiodcentered} PlatformIO}},
    author = {{platformio}},
    url = {https://platformio.org/}
}

@article{Yu2017,
    title = {{A Survey on the Edge Computing for the Internet of Things}},
    year = {2017},
    journal = {IEEE Access},
    author = {Yu, Wei and Liang, Fan and He, Xiaofei and Hatcher, William Grant and Lu, Chao and Lin, Jie and Yang, Xinyu},
    pages = {6900--6919},
    volume = {6},
    publisher = {IEEE},
    doi = {10.1109/ACCESS.2017.2778504},
    issn = {21693536},
    keywords = {Edge computing, Internet of Things, survey}
}

@misc{TheLinuxFoundation,
    title = {{About the Open Container Initiative - Open Container Initiative}},
    author = {{The Linux Foundation}},
    url = {https://opencontainers.org/about/overview/}
}

@misc{Adafruit,
    title = {{adafruit/Adafruit{\_}BMP280{\_}Library: Arduino Library for BMP280 sensors}},
    author = {{adafruit}},
    url = {https://github.com/adafruit/Adafruit_BMP280_Library}
}

@misc{AWSa,
    title = {{Amazon S3 Preise – Amazon Web Services (AWS)}},
    author = {{AWS}},
    url = {https://aws.amazon.com/de/s3/pricing/}
}

@misc{OliviavonWesternhagen,
    title = {{Amnesia:33 – Sicherheitsl{\"{u}}cken in TCP/IP-Stacks betreffen Millionen Ger{\"{a}}te | heise online}},
    year = {2020},
    author = {{Olivia von Westernhagen}},
    url = {https://www.heise.de/news/Amnesia-33-ein-Ripple20-Deja-vu-im-Open-Source-Gewand-4982063.html}
}

@article{Song2017,
    title = {{An Approach to QoS-based Task Distribution in Edge Computing Networks for IoT Applications}},
    year = {2017},
    journal = {Proceedings - 2017 IEEE 1st International Conference on Edge Computing, EDGE 2017},
    author = {Song, Yaozhong and Yau, Stephen S. and Yu, Ruozhou and Zhang, Xiang and Xue, Guoliang},
    pages = {32--39},
    isbn = {9781538620175},
    doi = {10.1109/IEEE.EDGE.2017.50},
    keywords = {Edge computing, IoT applications, Quality-of service, Task distribution}
}

@article{MartinFernandez2018,
    title = {{An edge computing architecture in the internet of things}},
    year = {2018},
    journal = {Proceedings - 2018 IEEE 21st International Symposium on Real-Time Computing, ISORC 2018},
    author = {Martin Fernandez, Cristian and Diaz Rodriguez, Manuel and Rubio Munoz, Bartolome},
    pages = {99--102},
    isbn = {9781538658475},
    doi = {10.1109/ISORC.2018.00021},
    keywords = {Coap, Edge computing, Internet of things, Lambda architecture}
}

@article{MartinFernandez2018a,
    title = {{An edge computing architecture in the internet of things}},
    year = {2018},
    journal = {Proceedings - 2018 IEEE 21st International Symposium on Real-Time Computing, ISORC 2018},
    author = {Martin Fernandez, Cristian and Diaz Rodriguez, Manuel and Rubio Munoz, Bartolome},
    pages = {99--102},
    isbn = {9781538658475},
    doi = {10.1109/ISORC.2018.00021},
    keywords = {Coap, Edge computing, Internet of things, Lambda architecture}
}

@misc{TheApacheSoftwareFoundation,
    title = {{Apache httpd Tutorial: Introduction to Server Side Includes - Apache HTTP Server Version 2.4}},
    author = {{The Apache Software Foundation}},
    url = {https://httpd.apache.org/docs/current/howto/ssi.html}
}

@misc{Vuejs.org,
    title = {{API — Vue.js v-html}},
    author = {{Vuejs.org}},
    url = {https://vuejs.org/v2/api/#v-html}
}

@phdthesis{Fielding2000,
    title = {{Architectural Styles and the Design of Network-based Software Architectures}},
    year = {2000},
    booktitle = {Foreign Affairs},
    author = {Fielding, Roy Thomas},
    pages = {180},
    url = {https://www.ics.uci.edu/~fielding/pubs/dissertation/top.htm},
    isbn = {9788578110796},
    doi = {10.1017/CBO9781107415324.004},
    issn = {00157120},
    pmid = {25246403},
    arxivId = {arXiv:1011.1669v3},
    keywords = {icle}
}

@misc{AWS,
    title = {{AWS On-Demand Instances – Amazon Web Services (AWS)}},
    author = {{AWS}},
    url = {https://aws.amazon.com/de/ec2/pricing/on-demand/}
}

@misc{Strukchinsky,
    title = {{BEM — Block Element Modifier}},
    author = {Strukchinsky, Vsevolod and Starkov, Vladimir and Stepanova, Varya and {contributers}},
    url = {http://getbem.com/introduction/}
}

@misc{Facebook,
    title = {{BigPipe: Pipelining web pages for high performance | Facebook}},
    author = {{Facebook}},
    url = {https://www.facebook.com/notes/facebook-engineering/bigpipe-pipelining-web-pages-for-high-performance/389414033919/}
}

@article{Gettys2011,
    title = {{Bufferbloat: Dark Buffers in the Internet: Networks without effective AQM may again be vulnerable to congestion collapse}},
    year = {2011},
    journal = {Queue},
    author = {Gettys, Jim and Nichols, Kathleen},
    number = {11},
    pages = {40--54},
    volume = {9},
    doi = {10.1145/2063166.2071893},
    issn = {15427749}
}

@book{Yellavula2017,
    title = {{Building RESTful Web Services with Go}},
    year = {2017},
    author = {Yellavula, Naren},
    publisher = {Packt Publishing Ltd.},
    url = {https://subscription.packtpub.com/book/application_development/9781788294287},
    address = {Birmingham}
}

@misc{Caniuse,
    title = {{Can I use Web Components?}},
    author = {{Caniuse}},
    url = {https://caniuse.com/#search=Web Components}
}

@misc{Walton2020,
    title = {{Certificate and Public Key Pinning Control | OWASP Foundation}},
    year = {2020},
    author = {Walton, Jeffery and Steven, John and Manico, Jim and Wall, Kevin and Iramar, Ricardo},
    month = {11},
    url = {https://owasp.org/www-community/controls/Certificate_and_Public_Key_Pinning}
}

@article{Naik2017,
    title = {{Choice of effective messaging protocols for IoT systems: MQTT, CoAP, AMQP and HTTP}},
    year = {2017},
    journal = {2017 IEEE International Symposium on Systems Engineering, ISSE 2017 - Proceedings},
    author = {Naik, Nitin},
    isbn = {9781538634035},
    doi = {10.1109/SysEng.2017.8088251},
    keywords = {AMQP, CoAP, HTTP, Interoperability, IoT Systems, M2M Communication, MQTT, Messaging Protocol, Quality of Services}
}

@article{Jain2017,
    title = {{Cloud to Edge: Distributed Deployment of Process-Aware IoT Applications}},
    year = {2017},
    journal = {Proceedings - 2017 IEEE 1st International Conference on Edge Computing, EDGE 2017},
    author = {Jain, Rakesh and Tata, Samir},
    pages = {182--189},
    isbn = {9781538620175},
    doi = {10.1109/IEEE.EDGE.2017.32},
    keywords = {Business Process Management, Distributed IoT, Internet of Things, Process-Aware Applications}
}

@misc{Holland2021,
    title = {{Cloud-Dienstleister OVH: Feuer zerst{\"{o}}rt Rechenzentrum, ein weiteres besch{\"{a}}digt | heise online}},
    year = {2021},
    author = {Holland, Martin},
    month = {3},
    url = {https://www.heise.de/news/OVH-Feuer-zerstoert-Rechenzentrum-in-Strassburg-ein-weiteres-beschaedigt-5076320.html}
}

@misc{Create-react-app.dev,
    title = {{Code Splitting}},
    author = {{create-react-app.dev}},
    url = {https://create-react-app.dev/docs/code-splitting/}
}

@misc{Conway,
    title = {{Committees Paper}},
    author = {Conway, Melvin E.},
    url = {http://www.melconway.com/Home/Committees_Paper.html}
}

@article{Dolui2017,
    title = {{Comparison of edge computing implementations: Fog computing, cloudlet and mobile edge computing}},
    year = {2017},
    journal = {GIoTS 2017 - Global Internet of Things Summit, Proceedings},
    author = {Dolui, Koustabh and Datta, Soumya Kanti},
    isbn = {9781509058730},
    doi = {10.1109/GIOTS.2017.8016213},
    keywords = {Cloud Computing, Cloudlet, Edge Computing, Fog Computing, IoT, Mobile Edge Computing}
}

@article{Pahl2015,
    title = {{Containerization and the PaaS Cloud}},
    year = {2015},
    journal = {IEEE Cloud Computing},
    author = {Pahl, Claus},
    number = {3},
    pages = {24--31},
    volume = {2},
    publisher = {Published by the IEEE Computer Society},
    doi = {10.1109/MCC.2015.51},
    issn = {23256095},
    keywords = {Docker, Kubernetes, PaaS, cloud, cloud computing, cluster, container, multicloud, virtualization}
}

@misc{Varnish-cachea,
    title = {{Content composition with Edge Side Includes — Varnish version 6.0.5 documentation}},
    author = {{varnish-cache}},
    url = {https://varnish-cache.org/docs/6.0/users-guide/esi.html}
}

@misc{MDNwebdocsc,
    title = {{Css | Mdn}},
    author = {{MDN web docs}},
    url = {https://developer.mozilla.org/de/docs/Web/CSS}
}

@misc{Docs,
    title = {{CustomEvent - Web APIs | MDN}},
    author = {{MDN web docs}},
    url = {https://developer.mozilla.org/en-US/docs/Web/API/CustomEvent}
}

@article{Reinsel2018,
    title = {{Data Age 2025: The Digitization of the World From Edge to Core}},
    year = {2018},
    journal = {Seagate, IDC},
    author = {Reinsel, David and Gantz, John and Rydning, John},
    number = {November},
    pages = {28},
    url = {https://www.seagate.com/files/www-content/our-story/trends/files/idc-seagate-dataage-whitepaper.pdf},
    keywords = {IDC, Seagate, Seagate}
}

@article{CybersecurityandInfrastructureSecurityAgency2021,
    title = {{Defending Against Software Supply Chain Attacks}},
    year = {2021},
    author = {{Cybersecurity and Infrastructure Security Agency}}
}

@misc{Digiteum2020,
    title = {{Differences between Cloud, Fog and Edge Computing in IoT — Digiteum}},
    year = {2020},
    author = {{digiteum}},
    month = {1},
    url = {https://www.digiteum.com/cloud-fog-edge-computing-iot/}
}

@misc{MDNwebdocsg,
    title = {{Document.createElement() - Web API Referenz | MDN}},
    author = {{MDN web docs}},
    url = {https://developer.mozilla.org/de/docs/Web/API/Document/createElement}
}

@misc{HaglandHansen,
    title = {{Driving offshore growth with satellite communications | Oil {\&} Gas | Energy Digital}},
    author = {Hagland Hansen, Morten},
    url = {https://www.energydigital.com/oil-and-gas/driving-offshore-growth-satellite-communications}
}

@misc{Vuejs.orgb,
    title = {{Dynamic {\&}amp; Async Components — Vue.js}},
    author = {{Vuejs.org}},
    url = {https://vuejs.org/v2/guide/components-dynamic-async.html#Async-Components}
}

@misc{Googled,
    title = {{Dynamisches Rendering implementieren  |  Suche  |  Google Developers}},
    author = {{Google}},
    url = {https://developers.google.com/search/docs/guides/dynamic-rendering}
}

@misc{EclipseFoundation,
    title = {{Eclipse ioFog}},
    author = {{Eclipse Foundation}},
    url = {https://iofog.org/}
}

@article{Premsankar2018,
    title = {{Edge Computing for the Internet of Things: A Case Study}},
    year = {2018},
    journal = {IEEE Internet of Things Journal},
    author = {Premsankar, Gopika and Di Francesco, Mario and Taleb, Tarik},
    number = {2},
    pages = {1275--1284},
    volume = {5},
    publisher = {IEEE},
    doi = {10.1109/JIOT.2018.2805263},
    issn = {23274662},
    keywords = {Edge computing, Internet of Things (IoT), fog computing, mobile gaming}
}

@article{Shi2016b,
    title = {{Edge Computing: Vision and Challenges}},
    year = {2016},
    journal = {IEEE Internet of Things Journal},
    author = {Shi, Weisong and Cao, Jie and Zhang, Quan and Li, Youhuizi and Xu, Lanyu},
    number = {5},
    pages = {637--646},
    volume = {3},
    publisher = {IEEE},
    doi = {10.1109/JIOT.2016.2579198},
    issn = {23274662},
    keywords = {Edge computing, Internet of Things (IoT), smart home and city}
}

@article{Avasalcai2020,
    title = {{Efficient Hosting of Robust IoT Applications on Edge Computing Platform}},
    year = {2020},
    journal = {Proceedings - 4th IEEE International Conference on Fog and Edge Computing, ICFEC 2020},
    author = {Avasalcai, Cosmin and Zarrin, Bahram and Pop, Paul and Dustdar, Schahram},
    pages = {1--10},
    isbn = {9781728173054},
    doi = {10.1109/ICFEC50348.2020.00008},
    keywords = {Decentralization, Edge Computing, Internet of Things, IoT application model, Resource Management}
}

@misc{Orban2015,
    title = {{Enterprise DevOps: Why You Should Run What You Build — AWS Enterprise Collection — Medium}},
    year = {2015},
    author = {Orban, Stephen},
    url = {https://aws.amazon.com/de/blogs/enterprise-strategy/enterprise-devops-why-you-should-run-what-you-build/ https://medium.com/aws-enterprise-collection/part-3-in-the-enterprise-devops-series-why-you-should-run-what-you-build-c62f0990f4c3},
    keywords = {AWS, CLOUD, ENTERPRISE}
}

@misc{Nottingham2001,
    title = {{ESI Language Specification 1.0}},
    year = {2001},
    booktitle = {World Wide Web Consortium (W3C)},
    author = {Nottingham, Mark and Tsimelzon, Mark and Weihl, Bill and Chung, Joseph and Frantz, Dan and Basso, John and Newton, Chris and Hale, Mark and Jacobs, Larry and O'Connell, Conleth},
    url = {https://www.w3.org/TR/esi-lang https://www.w3.org/TR/2001/NOTE-esi-lang-20010804%0Ahttps://www.w3.org/TR/esi-lang},
    keywords = {standard}
}

@article{Bettayeb2019,
    title = {{Firmware update attacks and security for IoT devices survey}},
    year = {2019},
    journal = {ACM International Conference Proceeding Series},
    author = {Bettayeb, Meriem and Nasir, Qassim and Talib, Manar Abu},
    isbn = {9781450360890},
    doi = {10.1145/3333165.3333169},
    keywords = {Attacks, Firmware Update, Internet of Things (IoT), Security}
}

@misc{Googleb,
    title = {{First Contentful Paint  |  Tools for Web Developers  |  Google Developers}},
    author = {{Google}},
    url = {https://developers.google.com/web/tools/lighthouse/audits/first-contentful-paint}
}

@misc{Googlec,
    title = {{First Meaningful Paint  |  Tools for Web Developers  |  Google Developers}},
    author = {{Google}},
    url = {https://developers.google.com/web/tools/lighthouse/audits/first-meaningful-paint}
}

@misc{EspressifSystemsShanghaiCo,
    title = {{Flash Encryption - ESP32 - — ESP-IDF Programming Guide latest documentation}},
    year = {2021},
    author = {{Espressif Systems (Shanghai) Co. ltd}},
    url = {https://docs.espressif.com/projects/esp-idf/en/latest/esp32/security/flash-encryption.html}
}

@article{Giang2018,
    title = {{Fog at the edge: Experiences building an edge computing platform}},
    year = {2018},
    journal = {Proceedings - 2018 IEEE International Conference on Edge Computing, EDGE 2018 - Part of the 2018 IEEE World Congress on Services},
    author = {Giang, Nam Ky and Lea, Rodger and Blackstock, Michael and Leung, Victor C.M.},
    pages = {9--16},
    publisher = {IEEE},
    isbn = {9781538672389},
    doi = {10.1109/EDGE.2018.00009},
    keywords = {Coordination, Dataflow, Edge, Exogenous, Fog computing}
}

@article{Bonomi2017,
    title = {{Fog Computing and Its Role in the Internet of Things}},
    year = {2017},
    journal = {Proceedings of the Institution of Mechanical Engineers, Part K: Journal of Multi-body Dynamics},
    author = {Bonomi, Flavio and Milito, Rodolfo and Zhu, Jiang and Addepalli, Sateesh},
    number = {1},
    pages = {266--277},
    volume = {231},
    isbn = {9781450315197},
    doi = {10.1177/1464419316662568},
    issn = {20413068},
    keywords = {Horizontally curved bridge, Passenger coach, Sensitivity analysis, Sperling index, Vehicle-bridge interaction}
}

@article{Wikstrom2014,
    title = {{Fog Computing and the Internet of Things: Extend the Cloud to Where the Things Are}},
    year = {2014},
    journal = {Journal of Housing for the Elderly},
    author = {Wikstr{\"{o}}m, Eva and Emilsson, Ulla Melin},
    number = {1},
    pages = {41--62},
    volume = {28},
    doi = {10.1080/02763893.2013.858092},
    issn = {02763893},
    keywords = {ageism, autonomy, mission, nursing home, organizational culture, symbolic power}
}

@misc{Ulmen2019,
    title = {{Fog und Edge Computing – Datenverarbeitung im IoT › ComConsult}},
    year = {2019},
    author = {Ulmen, Tanja},
    month = {5},
    url = {https://www.comconsult.com/fog-edge-computing-iot/}
}

@misc{Toughtworks,
    title = {{Frequently Asked Questions | Technology Radar | ThoughtWorks}},
    author = {{toughtworks}},
    url = {https://www.thoughtworks.com/de/radar/faq}
}

@article{Hong2017,
    title = {{From cloud computing to fog computing: Unleash the power of edge and end devices}},
    year = {2017},
    journal = {Proceedings of the International Conference on Cloud Computing Technology and Science, CloudCom},
    author = {Hong, Hua Jun},
    pages = {331--334},
    volume = {2017-Decem},
    isbn = {9781538606926},
    doi = {10.1109/CloudCom.2017.53},
    issn = {23302186},
    keywords = {Edge Computing, Fog Computing}
}

@article{Wang2018,
    title = {{From IoT to 5G I-IoT: The Next Generation IoT-Based Intelligent Algorithms and 5G Technologies}},
    year = {2018},
    journal = {IEEE Communications Magazine},
    author = {Wang, Dan and Chen, Dong and Song, Bin and Guizani, Nadra and Yu, Xiaoyan and Du, Xiaojiang},
    number = {10},
    pages = {114--120},
    volume = {56},
    publisher = {IEEE},
    doi = {10.1109/mcom.2018.1701310},
    issn = {0163-6804}
}

@misc{Born2021,
    title = {{Gigaset: Malware-Befall von Android-Ger{\"{a}}ten des Herstellers gibt R{\"{a}}tsel auf | heise online}},
    year = {2021},
    author = {Born, Günter},
    month = {4},
    url = {https://www.heise.de/news/Gigaset-Malware-Befall-von-Android-Geraeten-des-Herstellers-gibt-Raetsel-auf-6006464.html}
}

@misc{Gustafnk,
    title = {{gustafnk/h-include: Declarative client-side inclusion for the Web, using Custom Elements V1}},
    author = {{gustafnk}},
    url = {https://github.com/gustafnk/h-include}
}

@misc{Az-delivery-BMP280,
    title = {{GY-BMP280 Barometric sensor for air pressure measurement – AZ-Delivery}},
    author = {{az-delivery}},
    url = {https://www.az-delivery.de/en/products/azdelivery-bmp280-barometrischer-sensor-luftdruck-modul-fur-arduino-und-raspberry-pi}
}

@incollection{Mavrovouniotis2014,
    title = {{Hardware Security Modules}},
    year = {2014},
    booktitle = {Secure Smart Embedded Devices, Platforms and Applications},
    author = {Mavrovouniotis, Stathis and Ganley, Mick},
    editor = {Markantonakis, Konstantinos and Mayes, Keith},
    pages = {383--405},
    publisher = {Springer New York},
    url = {https://doi.org/10.1007/978-1-4614-7915-4_17},
    address = {New York, NY},
    isbn = {978-1-4614-7915-4},
    doi = {10.1007/978-1-4614-7915-4{\_}17}
}

@misc{Heidi,
    title = {{Horizontally Scaling PHP Applications: A Practical Overview}},
    author = {Heidi, Erika},
    url = {https://blog.digitalocean.com/horizontally-scaling-php-applications/}
}

@misc{aws-greengrass-guide,
    title = {{How AWS IoT Greengrass works - AWS IoT Greengrass}},
    author = {{AWS}},
    url = {https://docs.aws.amazon.com/greengrass/v2/developerguide/}
}

@misc{Padychova,
    title = {{How Page Load Time Affects Conversion Rates: 12 Case Studies [Infographic]}},
    author = {Padychova, Zuzana},
    url = {https://blog.hubspot.com/marketing/page-load-time-conversion-rates}
}

@misc{Cloudflare,
    title = {{How Website Performance Affects Conversion Rates | Cloudflare}},
    author = {{cloudflare}},
    url = {https://www.cloudflare.com/learning/performance/more/website-performance-conversion-rates/}
}

@misc{MDNwebdocsx,
    title = {{HTTP cookies - HTTP | MDN}},
    author = {{MDN web docs}},
    url = {https://developer.mozilla.org/de/docs/Web/HTTP/Cookies}
}

@misc{MDNwebdocsi,
    title = {{id - HTML: HyperText Markup Language | MDN}},
    author = {{MDN web docs}},
    url = {https://developer.mozilla.org/de/docs/Web/HTML/Globale_Attribute/id}
}

@misc{Beswick2020,
    title = {{Introducing mutual TLS authentication for Amazon API Gateway | AWS Compute Blog}},
    year = {2020},
    author = {Beswick, James},
    month = {9},
    url = {https://aws.amazon.com/blogs/compute/introducing-mutual-tls-authentication-for-amazon-api-gateway/}
}

@article{IndustrialInternetConsortium2018,
    title = {{Introduction to Edge Computing in IIoT}},
    year = {2018},
    journal = {Industrial Internet Consortium White Paper},
    author = {{Industrial Internet Consortium}},
    pages = {1 - 19}
}

@misc{Varnish-cache,
    title = {{Introduction to Varnish — Varnish HTTP Cache}},
    author = {{varnish-cache}},
    url = {https://varnish-cache.org/intro/index.html#intro}
}

@misc{StatisticTransformaInsightsByUseCase,
    title = {{IoT connected devices by use case 2030 | Statista}},
    year = {2021},
    author = {{Transforma Insights}},
    url = {https://www.statista.com/statistics/1194701/iot-connected-devices-use-case/}
}

@misc{StatisticTransformaInsights,
    title = {{IoT connected devices worldwide 2019-2030 | Statista}},
    year = {2021},
    author = {{Transforma Insights}},
    url = {https://www.statista.com/statistics/1183457/iot-connected-devices-worldwide/}
}

@misc{Espressif,
    title = {{IoT Development Framework I Espressif Systems}},
    author = {{espressif}},
    url = {https://www.espressif.com/en/products/sdks/esp-idf}
}

@misc{Thoughtworks2020,
    title = {{K3s | Technology Radar | ThoughtWorks}},
    year = {2020},
    author = {{thoughtworks}},
    month = {10},
    url = {https://www.thoughtworks.com/radar/platforms/k3s}
}

@misc{k3s,
    title = {{K3s: Lightweight Kubernetes}},
    url = {https://k3s.io/}
}

@misc{kubernetes-components,
    title = {{Kubernetes Components | Kubernetes}},
    url = {https://kubernetes.io/docs/concepts/overview/components/}
}

@book{Hutchison2005,
    title = {{Lecture Notes in Computer Science PAM 2005}},
    year = {2005},
    author = {Hutchison, David and Mitchell, John C},
    isbn = {9783540255208}
}

@misc{Googlea,
    title = {{Lighthouse}},
    author = {{Google}},
    url = {https://developers.google.com/web/tools/lighthouse}
}

@article{Bandyopadhyay2013,
    title = {{Lightweight Internet protocols for web enablement of sensors using constrained gateway devices}},
    year = {2013},
    journal = {2013 International Conference on Computing, Networking and Communications, ICNC 2013},
    author = {Bandyopadhyay, Soma and Bhattacharyya, Abhijan},
    pages = {334--340},
    publisher = {IEEE},
    isbn = {9781467352888},
    doi = {10.1109/ICCNC.2013.6504105},
    keywords = {constrained device, lightweight, protocol, ubiquitous computing}
}

@misc{MDNwebdocsd,
    title = {{Link - HTTP | MDN}},
    author = {{MDN web docs}},
    url = {https://developer.mozilla.org/en-US/docs/Web/HTTP/Headers/Link}
}

@misc{MDNwebdocsb,
    title = {{Location.assign() - Web APIs | MDN}},
    author = {{MDN web docs}},
    url = {https://developer.mozilla.org/en-US/docs/Web/API/Location/assign}
}

@article{Coles-Kemp2011,
    title = {{Looking at clouds from both sides: The advantages and disadvantages of placing personal narratives in the cloud}},
    year = {2011},
    journal = {Information Security Technical Report},
    author = {Coles-Kemp, Lizzie and Reddington, Joseph and Williams, Patricia A.H.},
    number = {3-4},
    pages = {115--122},
    volume = {16},
    publisher = {Elsevier Ltd},
    url = {http://dx.doi.org/10.1016/j.istr.2011.09.001},
    doi = {10.1016/j.istr.2011.09.001},
    issn = {13634127},
    keywords = {AAC, Cloud, Disability, Healthcare, VOCA}
}

@misc{Az-delivery-ESP8266,
    title = {{Looking for NodeMCU LUA Lolin V3 module with ESP8266 12F? – AZ-Delivery}},
    author = {{az-delivery}},
    url = {https://www.az-delivery.de/en/products/copy-of-nodemcu-lua-amica-v2-modul-mit-esp8266-12e}
}

@misc{MDNwebdocse,
    title = {{Main thread - MDN Web Docs Glossary: Definitions of Web-related terms | MDN}},
    author = {{MDN web docs}},
    url = {https://developer.mozilla.org/en-US/docs/Glossary/Main_thread}
}

@incollection{Desmedt2011,
    title = {{Man-in-the-Middle Attack}},
    year = {2011},
    booktitle = {Encyclopedia of Cryptography and Security},
    author = {Desmedt, Yvo},
    editor = {van Tilborg, Henk C A and Jajodia, Sushil},
    pages = {759},
    publisher = {Springer US},
    url = {https://doi.org/10.1007/978-1-4419-5906-5_324},
    address = {Boston, MA},
    isbn = {978-1-4419-5906-5},
    doi = {10.1007/978-1-4419-5906-5{\_}324}
}

@article{6769681,
    title = {{Man-in-the-middle attacks on auto-updating software}},
    year = {2007},
    journal = {Bell Labs Technical Journal},
    author = {Luettmann, Bjoern M and Bender, Adam C},
    number = {3},
    pages = {131--138},
    volume = {12},
    doi = {10.1002/bltj.20255}
}

@misc{StatCounter,
    title = {{Meistgenutzte Browser weltweit - September 2019 | Statista}},
    author = {{StatCounter}},
    url = {https://gs.statcounter.com/browser-version-market-share/desktop/worldwide/#monthly-201911-201911-bar https://de.statista.com/statistik/daten/studie/158095/umfrage/meistgenutzte-browser-im-internet-weltweit/}
}

@misc{Jackson2019,
    title = {{Micro Frontends}},
    year = {2019},
    booktitle = {Micro Frontends},
    author = {Jackson, Cam},
    url = {https://martinfowler.com/articles/micro-frontends.html}
}

@misc{Geers2019,
    title = {{Micro Frontends - extending the microservice idea to frontend development}},
    year = {2019},
    author = {Geers, Michael},
    url = {https://micro-frontends.org/}
}

@misc{ThoughtWorks,
    title = {{Micro frontends | Technology Radar | ThoughtWorks}},
    author = {{ThoughtWorks}},
    url = {https://www.thoughtworks.com/radar/techniques/micro-frontends}
}

@misc{Lewis2014,
    title = {{Microservices}},
    year = {2014},
    author = {Lewis, James and Fowler, Martin},
    url = {https://martinfowler.com/articles/microservices.html}
}

@misc{Ibm,
    title = {{Microservices for fast time to market and improved app quality - IBM Cloud Architecture Center}},
    author = {{ibm}},
    url = {https://www.ibm.com/cloud/garage/architectures/microservices/}
}

@misc{Nginx,
    title = {{Module ngx{\_}http{\_}ssi{\_}module}},
    author = {{nginx}},
    url = {http://nginx.org/en/docs/http/ngx_http_ssi_module.html}
}

@misc{Az-delivery-MQ-2,
    title = {{MQ-2 gas sensor smoke sensor air quality module for Arduino – AZ-Delivery}},
    author = {{az-delivery}},
    url = {https://www.az-delivery.de/en/products/gas-sensor-modul}
}

@article{OASIS2019,
    title = {{MQTT Version 5.0 OASIS Standard}},
    year = {2019},
    author = {{OASIS}},
    number = {March},
    url = {https://docs.oasis-open.org/mqtt/mqtt/v5.0/os/mqtt-v5.0-os.html}
}

@misc{MDNwebdocsf,
    title = {{Node.appendChild() - Web API Referenz | MDN}},
    author = {{MDN web docs}},
    url = {https://developer.mozilla.org/de/docs/Web/API/Node/appendChild}
}

@misc{W3c,
    title = {{Paint Timing}},
    author = {{w3c}},
    url = {https://w3c.github.io/paint-timing/}
}

@misc{Dornenburg2019,
    title = {{Patterns for Micro Frontends - ThoughtWorks Talks Tech}},
    year = {2019},
    author = {D{\"{o}}rnenburg, Erik},
    publisher = {Engineers.SG},
    url = {https://www.youtube.com/watch?v=tcQ1nWdb7iw https://www.meetup.com/de-DE/ThoughtWorks-Talks-Tech/events/262026618/}
}

@book{Eilebrecht2019,
    title = {{Patterns kompakt Entwurfsmuster f{\"{u}}r effektive Softwareentwicklung}},
    year = {2019},
    author = {Eilebrecht, Karl and Starke, Gernot},
    edition = {5., aktual},
    publisher = {Springer-Verlag},
    isbn = {978-3-662-57936-7}
}

@inproceedings{7459331,
    title = {{Practical evaluation of code injection in encrypted firmware updates}},
    year = {2016},
    booktitle = {2016 Design, Automation Test in Europe Conference Exhibition (DATE)},
    author = {Guillen, Oscar M and Schmidt, Dawin and Sigl, Georg},
    pages = {325--330}
}

@misc{Mosaic,
    title = {{Project Mosaic—Frontend Microservices}},
    author = {{Zalando}},
    url = {https://www.mosaic9.org/}
}

@misc{Rancher,
    title = {{Rancher Docs: Architecture}},
    author = {{Rancher}},
    url = {https://rancher.com/docs/k3s/latest/en/architecture/}
}

@misc{rancher-docs,
    title = {{Rancher Docs: K3s - Lightweight Kubernetes}},
    author = {{Rancher}},
    url = {https://rancher.com/docs/k3s/latest/en/}
}

@misc{Raspberrypifoundation,
    title = {{Raspberry Pi 4 Model B specifications – Raspberry Pi}},
    author = {{Raspberry pi foundation}},
    url = {https://www.raspberrypi.org/products/raspberry-pi-4-model-b/specifications/}
}

@misc{Steyer2018,
    title = {{Raus aus der Legacy-Falle: Single Page Applications und Micro-Apps | heise Developer}},
    year = {2018},
    booktitle = {heise Developer},
    author = {Steyer, Manfred},
    url = {https://www.heise.de/developer/artikel/Raus-aus-der-Legacy-Falle-Single-Page-Applications-und-Micro-Apps-4165029.html?seite=all https://www.heise.de/developer/artikel/Raus-aus-der-Legacy-Falle-Single-Page-Applications-und-Micro-Apps-4165029.html}
}

@misc{Abramov,
    title = {{Redux - A predictable state container for JavaScript apps.}},
    author = {Abramov, Dan},
    url = {https://redux.js.org/}
}

@misc{ZEIT,
    title = {{Regions and Providers - ZEIT Documentation}},
    author = {{ZEIT}},
    url = {https://zeit.co/docs/v2/network/regions-and-providers/}
}

@article{Ozcan2019,
    title = {{Remote Debugging for Containerized Applications in Edge Computing Environments}},
    year = {2019},
    journal = {Proceedings - 2019 IEEE International Conference on Edge Computing, EDGE 2019 - Part of the 2019 IEEE World Congress on Services},
    author = {Ozcan, Muhammet Oguz and Odaci, Fatih and Ari, Ismail},
    pages = {30--32},
    publisher = {IEEE},
    isbn = {9781728127088},
    doi = {10.1109/EDGE.2019.00021},
    keywords = {Container, Docker, Edge Computing, Industry 4.0, Internet of Things, Remote Debugging}
}

@incollection{Adams2011,
    title = {{Replay Attack}},
    year = {2011},
    booktitle = {Encyclopedia of Cryptography and Security},
    author = {Adams, Carlisle},
    editor = {van Tilborg, Henk C A and Jajodia, Sushil},
    pages = {1042},
    publisher = {Springer US},
    url = {https://doi.org/10.1007/978-1-4419-5906-5_92},
    address = {Boston, MA},
    isbn = {978-1-4419-5906-5},
    doi = {10.1007/978-1-4419-5906-5{\_}92}
}

@book{Masse2011,
    title = {{REST API Design Rulebook: Designing Consistent RESTful Web Service Interfaces}},
    year = {2011},
    author = {Masse, Mark},
    pages = {116},
    publisher = {O'Reilly Media},
    url = {https://books.google.de/books?id=eABpzyTcJNIC},
    isbn = {9781449319908}
}

@misc{Schmidt,
    title = {{Ripple20 ersch{\"{u}}ttert das Internet der Dinge | heise online}},
    year = {2020},
    author = {Schmidt, Jürgen},
    url = {https://www.heise.de/security/meldung/Ripple20-erschuettert-das-Internet-der-Dinge-4786249.html}
}

@misc{Vuejs.orga,
    title = {{Scoped CSS | Vue Loader}},
    author = {{Vuejs.org}},
    url = {https://vue-loader.vuejs.org/guide/scoped-css.html}
}

@article{Alrowaily2018,
    title = {{Secure edge computing in IoT systems: Review and case studies}},
    year = {2018},
    journal = {Proceedings - 2018 3rd ACM/IEEE Symposium on Edge Computing, SEC 2018},
    author = {Alrowaily, Mohammed and Lu, Zhuo},
    pages = {440--444},
    publisher = {IEEE},
    isbn = {9781538694459},
    doi = {10.1109/SEC.2018.00060},
    keywords = {Edge computing, Internet of Things (IoT), Security}
}

@article{Zandberg2019,
    title = {{Secure Firmware Updates for Constrained IoT Devices Using Open Standards: A Reality Check}},
    year = {2019},
    journal = {IEEE Access},
    author = {Zandberg, Koen and Schleiser, Kaspar and Acosta, Francisco and Tschofenig, Hannes and Baccelli, Emmanuel},
    pages = {71907--71920},
    volume = {7},
    doi = {10.1109/ACCESS.2019.2919760},
    issn = {21693536},
    keywords = {Internet of Things, IoT, constrained device, firmware update, open standards, security, software update}
}

@article{Kolehmainen2018,
    title = {{Secure Firmware Updates for IoT: A Survey}},
    year = {2018},
    journal = {Proceedings - IEEE 2018 International Congress on Cybermatics: 2018 IEEE Conferences on Internet of Things, Green Computing and Communications, Cyber, Physical and Social Computing, Smart Data, Blockchain, Computer and Information Technology, iThings/Gree},
    author = {Kolehmainen, Antti},
    pages = {112--117},
    publisher = {IEEE},
    isbn = {9781538679753},
    doi = {10.1109/Cybermatics{\_}2018.2018.00051},
    keywords = {Firmware updates, IoT, Lifecycle Management}
}

@article{Cooper2018,
    title = {{Security Considerations for Code Signing}},
    year = {2018},
    journal = {Nist},
    author = {Cooper, David and Regenscheid, Andrew and Souppaya, Murugiah and Bean, Christopher and Boyle, Mike and Cooley, Dorothy and Jenkins, Michael},
    url = {www.nist.gov},
    keywords = {application container, code signing, digital signature, firmware, mobile application, operating system, software update}
}

@misc{Moseley2020,
    title = {{Security considerations for OTA software updates for IoT gateway devices - Stack Overflow Blog}},
    year = {2020},
    author = {Moseley, Drew},
    month = {12},
    url = {https://stackoverflow.blog/2020/12/14/security-considerations-for-ota-software-updates-for-iot-gateway-devices/}
}

@misc{Rowekamp,
    title = {{Serverless Computing verstehen und anwenden | iX | Heise Magazine}},
    author = {R{\"{o}}wekamp, Lars},
    url = {https://www.heise.de/select/ix/2019/13/1909410112608243573}
}

@article{Jadhav2015,
    title = {{Single Page Application using AngularJS}},
    year = {2015},
    journal = {International Journal of Computer Science and Information Technologies},
    author = {Jadhav, Madhuri A and Sawant, Balkrishna R and Deshmukh, Anushree and Mumbai, Navi},
    number = {3},
    pages = {2876--2879},
    volume = {6},
    url = {http://citeseerx.ist.psu.edu/viewdoc/download?doi=10.1.1.736.4771&rep=rep1&type=pdf},
    keywords = {AngularJS, Web Application, — Single Page Application}
}

@misc{Koltzsch2021,
    title = {{Smartphones, Tablets und Co.: Bundestag beschlie{\ss}t Update-Pflicht - Golem.de}},
    year = {2021},
    author = {K{\"{o}}ltzsch, Tobias},
    month = {7},
    url = {https://www.golem.de/news/smartphones-tablets-und-co-bundestag-beschliesst-update-pflicht-2106-157651.html}
}

@inproceedings{Dutta2012,
    title = {{SmartScale: Automatic application scaling in enterprise clouds}},
    year = {2012},
    booktitle = {Proceedings - 2012 IEEE 5th International Conference on Cloud Computing, CLOUD 2012},
    author = {Dutta, Sourav and Gera, Sankalp and Verma, Akshat and Viswanathan, Balaji},
    pages = {221--228},
    isbn = {9780769547558},
    doi = {10.1109/CLOUD.2012.12},
    keywords = {Horizontal Scaling, Olio, Vertical Scaling, data-center reconfiguration, enterprise clouds}
}

@misc{Grush2020,
    title = {{SpaceX begins public beta testing of Starlink constellation at {\$}99 a month - The Verge}},
    year = {2020},
    author = {Grush, Loren},
    month = {10},
    url = {https://www.theverge.com/2020/10/27/21536073/spacex-starlink-public-beta-testing-email-user-terminal}
}

@book{RV2016,
    title = {{Spring Microservices}},
    year = {2016},
    author = {RV, Rajesh},
    pages = {410},
    publisher = {Packt Publishing Ltd.},
    address = {Birmingham},
    isbn = {9781786466686}
}

@misc{Stackoverflow,
    title = {{Stack Overflow Developer Survey 2019}},
    author = {{Stackoverflow}},
    url = {https://insights.stackoverflow.com/survey/2019#technology}
}

@misc{Stencil.jsa,
    title = {{Stencil}},
    author = {{Stencil.js}},
    url = {https://stenciljs.com/}
}

@misc{Stencil.js,
    title = {{Stencil - A Compiler for Web Components - Stencil}},
    author = {{Stencil.js}},
    url = {https://stenciljs.com/docs/introduction}
}

@article{APOSTU2013,
    title = {{Study on advantages and disadvantages of Cloud Computing – the advantages of Telemetry Applications in the Cloud}},
    year = {2013},
    author = {APOSTU, ANCA and PUICAN, FLORINA and ULARU, GEANINA and SUCIU, GEORGE and TODORAN, GYORGY},
    pages = {171},
    isbn = {9781618041791}
}

@article{Zeyu2020,
    title = {{Survey on Edge Computing Security}},
    year = {2020},
    journal = {Proceedings - 2020 International Conference on Big Data, Artificial Intelligence and Internet of Things Engineering, ICBAIE 2020},
    author = {Zeyu, Huang and Geming, Xia and Zhaohang, Wang and Sen, Yuan},
    pages = {96--105},
    isbn = {9781728164991},
    doi = {10.1109/ICBAIE49996.2020.00027},
    keywords = {5G, edge cloud collaboration, edge computing, edge computing security, edge intelligence}
}

@misc{HashiCorp,
    title = {{Terraform by HashiCorp}},
    author = {{HashiCorp}},
    url = {https://www.terraform.io/}
}

@misc{Bischoff2019,
    title = {{The Edge is Near: An Introduction to Edge Computing! - inovex Blog}},
    year = {2019},
    author = {Bischoff, Maximilian and Scheuermann, Johannes M. and Kiesl, Christoph and Hatzky, Julian},
    url = {https://www.inovex.de/blog/edge-computing-introduction/}
}

@article{Shi2016a,
    title = {{The Emergence of Edge Computing}},
    year = {2016},
    journal = {Ieee Computer Society},
    author = {Shi, Weisong and Computing, Edge},
    number = {0018},
    pages = {17--20},
    publisher = {IEEE}
}

@article{Boyes2018,
    title = {{The industrial internet of things (IIoT): An analysis framework}},
    year = {2018},
    journal = {Computers in Industry},
    author = {Boyes, Hugh and Hallaq, Bil and Cunningham, Joe and Watson, Tim},
    number = {June},
    pages = {1--12},
    volume = {101},
    publisher = {Elsevier},
    url = {https://doi.org/10.1016/j.compind.2018.04.015},
    doi = {10.1016/j.compind.2018.04.015},
    issn = {01663615},
    keywords = {Cyber-physical systems, IACS, IIoT, Industrial internet of things, Industry 4.0}
}

@misc{Izrailevsky2011,
    title = {{The Netflix Simian Army}},
    year = {2011},
    booktitle = {The Netflix Tech Blog},
    author = {Izrailevsky, Yury and Tseitlin, Ariel},
    url = {https://medium.com/netflix-techblog/the-netflix-simian-army-16e57fbab116 http://techblog.netflix.com/2011/07/netflix-simian-army.html},
    keywords = {Netflix}
}

@techreport{TheOWASPIoTSecurityTeam2018,
    title = {{The OWASP Internet of Things}},
    year = {2018},
    author = {{The OWASP IoT Security Team}}
}

@article{Shi2016,
    title = {{The Promise of Edge Computing}},
    year = {2016},
    journal = {Ieee Computer Society},
    author = {Shi, Weisong and Computing, Edge},
    number = {0018},
    pages = {17--20},
    publisher = {IEEE}
}

@misc{Sakamoto,
    title = {{Time to First Meaningful Paint: a layout-based approach - Google Docs}},
    author = {Sakamoto, Kunihiko},
    url = {https://docs.google.com/document/d/1BR94tJdZLsin5poeet0XoTW60M0SjvOJQttKT-JK8HI/view}
}

@misc{Google,
    title = {{Time to Interactive  |  Tools for Web Developers  |  Google Developers}},
    author = {{Google}},
    url = {https://developers.google.com/web/tools/lighthouse/audits/time-to-interactive}
}

@article{Cheng2017,
    title = {{Traffic-aware patching for cyber security in mobile IoT}},
    year = {2017},
    journal = {arXiv},
    author = {Cheng, Shin Ming and Chen, Pin Yu and Lin, Ching Chao and Hsiao, Hsu Chun},
    number = {July},
    pages = {29--35},
    publisher = {IEEE},
    issn = {23318422},
    keywords = {Heterogeneous links, IoT malware, Patching}
}

@misc{Martins2019,
    title = {{Was bedeutet Edge Computing?}},
    year = {2019},
    author = {Martins, Filipe and Kobylinska, Anna},
    url = {https://www.industry-of-things.de/was-bedeutet-edge-computing-a-678225/}
}

@misc{Tillmann,
    title = {{Was ist eigentlich ein (virtuelles) DOM?}},
    author = {Tillmann, Janna},
    url = {https://t3n.de/news/eigentlich-virtuelles-dom-858160/}
}

@misc{Domin2018,
    title = {{Was ist eigentlich eine Single-Page-Webanwendung?}},
    year = {2018},
    author = {Domin, Andreas},
    url = {https://t3n.de/news/single-page-webanwendung-1023623/}
}

@misc{RedHat2019,
    title = {{Was sind Microservices?}},
    year = {2019},
    booktitle = {Red Hat Website},
    author = {{Red Hat}},
    pages = {1--5},
    url = {https://www.redhat.com/de/topics/microservices/what-are-microservices}
}

@misc{Breux2018,
    title = {{Web Apps: Client-side Rendering? SSR? Pre-rendering? | Toptal}},
    year = {2018},
    author = {Breux, Guillaume},
    url = {https://www.toptal.com/front-end/client-side-vs-server-side-pre-rendering}
}

@misc{MDNwebdocsh,
    title = {{Web Components | MDN}},
    author = {{MDN web docs}},
    url = {https://developer.mozilla.org/de/docs/Web/Web_Components}
}

@misc{Nginxa,
    title = {{Welcome to NGINX Wiki! | NGINX}},
    author = {{nginx}},
    url = {https://www.nginx.com/resources/wiki/}
}

@misc{Kothari2017,
    title = {{What is a micro frontend? | Packt Hub}},
    year = {2017},
    author = {Kothari, Amit},
    url = {https://hub.packtpub.com/what-micro-frontend/}
}

@misc{Cisco,
    title = {{What Is Edge Computing? - Cisco}},
    author = {{Cisco}},
    url = {https://www.cisco.com/c/en/us/solutions/computing/what-is-edge-computing.html}
}

@misc{Cloudflarea,
    title = {{What is round-trip time? | RTT definition | Cloudflare}},
    author = {{Cloudflare}},
    url = {https://www.cloudflare.com/learning/cdn/glossary/round-trip-time-rtt/}
}

@misc{Zalando,
    title = {{zalando/tailor: A streaming layout service for front-end microservices}},
    author = {{Zalando}},
    url = {https://github.com/zalando/tailor}
}

@misc{fraunhoferEdgeComputing,
    title = {{Edge Computing}},
    author = {{fraunhofer}},
    url = {https://www.iis.fraunhofer.de/de/ff/lv/iot-system/tech/edge-computing.html}
}

@misc{infineon2019EdgeTechnologies,
    title = {{Edge Computing: Definition {\&} Anwendungen - Infineon Technologies}},
    year = {2019},
    author = {{infineon}},
    month = {12},
    url = {https://www.infineon.com/cms/de/discoveries/edge-computing/}
}

@misc{Statistic_id1194701_number-of-iot-connected-devices-worldwide-2019-2030-by-use-case.pdf,
    title = {{statistic{\_}id1194701{\_}number-of-iot-connected-devices-worldwide-2019-2030-by-use-case.pdf}}
}

@misc{TerraformHashiCorp,
    title = {{Terraform by HashiCorp}},
    url = {https://www.terraform.io/}
}

@misc{WasComputing,
    title = {{Was bedeutet Edge Computing?}},
    url = {https://www.industry-of-things.de/was-bedeutet-edge-computing-a-678225/}
}

@misc{Hamilton2018WhatExplained,
    title = {{What is Edge Computing: The Network Edge Explained}},
    year = {2018},
    author = {Hamilton, Eric},
    month = {12},
    url = {https://www.cloudwards.net/what-is-edge-computing/}
}

@misc{2018WhatInc.,
    title = {{What is your ping, Google Cloud and Amazon AWS? | BigBitBus Inc.}},
    year = {2018},
    month = {5},
    url = {https://www.bigbitbus.com/2018/05/07/What-Is-Your-Ping-AWS-And-Google-Cloud/}
}